@article{hutchcroft2021critical,
  title={The critical two-point function for long-range percolation on the hierarchical lattice},
  author={Hutchcroft, Tom},
  journal={arXiv preprint arXiv:2103.17013},
  year={2021}
}

@article{georgakopoulos2020percolation,
  title={Percolation on an infinitely generated group},
  author={Georgakopoulos, Agelos and Haslegrave, John},
  journal={Combinatorics, Probability and Computing},
  volume={29},
  number={4},
  pages={587--615},
  publisher={Cambridge University Press},
  year={2020}
}

@article{xie2021detecting,
  title={Detecting and modelling real percolation and phase transitions of information on social media},
  author={Xie, Jiarong and Meng, Fanhui and Sun, Jiachen and Ma, Xiao and Yan, Gang and Hu, Yanqing},
  journal={Nature Human Behaviour},
  volume={5},
  number={9},
  pages={1161--1168},
  year={2021},
  publisher={Nature Publishing Group}
}

@article{mello2021epidemics,
  title={Epidemics, the Ising-model and percolation theory: a comprehensive review focused on Covid-19},
  author={Mello, Isys F and Squillante, Lucas and Gomes, Gabriel O and Seridonio, Antonio C and de Souza, Mariano},
  journal={Physica A: Statistical Mechanics and its Applications},
  volume={573},
  pages={125963},
  year={2021},
  publisher={Elsevier}
}

@article{hunt2017flow,
  title={Flow, transport, and reaction in porous media: Percolation scaling, critical-path analysis, and effective medium approximation},
  author={Hunt, Allen G and Sahimi, Muhammad},
  journal={Reviews of Geophysics},
  volume={55},
  number={4},
  pages={993--1078},
  year={2017},
  publisher={Wiley Online Library}
}

@incollection{aldous2013knowing,
  title={When knowing early matters: Gossip, percolation and Nash equilibria},
  author={Aldous, David J},
  booktitle={Prokhorov and contemporary probability theory},
  pages={3--27},
  year={2013},
  publisher={Springer}
}

@article{dawson2013percolation,
  title={Percolation in an ultrametric space},
  author={Dawson, Donald and Gorostiza, Luis},
  journal={Electronic Journal of Probability},
  volume={18},
  pages={1--26},
  year={2013},
  publisher={Institute of Mathematical Statistics and Bernoulli Society}
}

@article{koval2012long,
  title={Long-range percolation on the hierarchical lattice},
  author={Koval, Vyacheslav and Meester, Ronald and Trapman, Pieter},
  journal={Electronic Journal of Probability},
  volume={17},
  pages={1--21},
  year={2012},
  publisher={Institute of Mathematical Statistics and Bernoulli Society}
}

@article{hara1990mean,
  title={Mean-field critical behaviour for percolation in high dimensions},
  author={Hara, Takashi and Slade, Gordon},
  journal={Communications in Mathematical Physics},
  volume={128},
  number={2},
  pages={333--391},
  year={1990},
  publisher={Springer}
}

@incollection{grimmett1999percolation,
  title={What is percolation?},
  author={Grimmett, Geoffrey},
  booktitle={Percolation},
  pages={1--31},
  year={1999},
  publisher={Springer}
}

@article{christensen2002percolation,
  title={Percolation theory},
  author={Christensen, Kim},
  journal={Imperial College London},
  volume={1},
  year={2002}
}

@inproceedings{addario2015partition,
  title={Partition functions of discrete coalescents: from Cayley’s formula to Frieze’s $\zeta$ (3) limit theorem},
  author={Addario-Berry, Louigi},
  booktitle={XI Symposium on Probability and Stochastic Processes},
  pages={1--45},
  year={2015},
  organization={Springer}
}

@article{yeomultiplicative,
  title={Multiplicative Coalescence},
  year={2012},
  author={Yeo, Dominic}
}

@article{aldous1999deterministic,
  title={Deterministic and stochastic models for coalescence (aggregation and coagulation): a review of the mean-field theory for probabilists},
  author={Aldous, David J},
  journal={Bernoulli},
  pages={3--48},
  year={1999},
  publisher={JSTOR}
}